
@manual{es2015,
    organization  = {Ecma International},
	author        = {TC39},
    title         = {ECMAScript 2015 Language Specification - ECMA-262 6th Edition},
    year          = {2015},
    month         = {6},
	howpublished = {\url{http://www.ecma-international.org/ecma-262/6.0/ECMA-262.pdf}}
}

@manual{json,
    organization  = {Ecma International},
	author        = {Douglas Crockford},
    title         = {The JSON Data Interchange Format},
    year          = {2013},
    month         = {10},
	howpublished = {\url{http://www.ecma-international.org/publications/files/ECMA-ST/ECMA-404.pdf}}
}

@misc{npm,
	author = {npm},
	title = {npm},
	year = {2016},
    howpublished = {\url{https://www.npmjs.com/}},
    note = {Acesso em julho de 2016}
}

@misc{npm_packages,
	author = {Laurie Voss},
	title = {The npm Blog - how many npm users are there?},
	year = {2016},
	month = {4},
    howpublished = {\url{http://blog.npmjs.org/post/143451680695/how-many-npm-users-are-there}},
    note = {Acesso em julho de 2016}
}

@misc{markdown,
	author = {John Gruber},
	title = {Markdown},
	year = {2004},
    howpublished = {\url{https://daringfireball.net/projects/markdown/}},
    note = {Acesso em julho de 2016}
}

@misc{staticsitegenerators,
	title = {Static Site Generators},
	year = {2016},
    howpublished = {\url{https://staticsitegenerators.net/}},
    note = {Acesso em agosto de 2016}
}

@misc{nodejs,
	title = {About | Node.js},
	year = {2016},
    howpublished = {\url{https://nodejs.org/en/about/}},
    note = {Acesso em agosto de 2016}
}

@misc{dwb,
	title = {An Introduction to Static Site Generators},
	year = {2015},
	month = {5},
    howpublished = {\url{https://davidwalsh.name/introduction-static-site-generators}},
    note = {Acesso em agosto de 2016}
}

@Book{instant_nodejs_starter:03,
  author = {Pedro Teixeira},
  editor = {Andris Reinman; Akram Hussain; Sharwari Tawde; Saijul Shah; Brandt D'Mello; Paul Hindle},
  booktitle = {Instant Node.js Starter},
  title = {Instant Node.js Starter},
  number = {cap. 1},
  publisher = {Packt Publishing},
  address =	{Livery Place,
    35 Livery Street,
    Birmingham B3 2PB, UK},
  pages =	{3},
  year = 	{2013},
  ISBN = 	{978-1-78216-556-9},
  pagetotal = {33},
  isbn-13 =	"",
  LCCN = 	"",
  bibdate =	"",
  bibsource =	"",
  series =	"",
}

@Book{uml,
  author = {Gilleanes Thorwald Araujo Guedes},
  editor = {Rubens Prates},
  booktitle = {UML 2 - Uma Abordagem Prática - 2ª Edição},
  title = {UML 2 - Uma Abordagem Prática - 2ª Edição},
  number = {},
  publisher = {Novatec Editora Ltda.},
  address =	{Rua Luís Antônio dos Santos 110, 02460-000 – São Paulo, SP – Brasil},
  pages =	{},
  year = 	{2011},
  ISBN = 	{978-85-7522-281-2},
  pagetotal = {488},
  isbn-13 =	"",
  LCCN = 	"",
  bibdate =	"",
  bibsource =	"",
  series =	"",
}

@misc{javaworld,
    organization = {JavaWorld},
    author = {Ben Wen},
	title = {6 things you should know about Node.js},
	year = {2013},
	month = {12},
    howpublished = {\url{http://www.javaworld.com/article/2079190/scripting-jvm-languages/6-things-you-should-know-about-node-js.html}},
    note = {Acesso em agosto de 2016}
}

@misc{mdn_js_intro,
    organization = {Mozilla Developer Network},
    author = {Chris Rebert; Florian Scholz; Giulio Portioli; et al.},
	title = {Introduction - JavaScript},
	year = {2016},
    howpublished = {\url{https://developer.mozilla.org/en-US/docs/Web/JavaScript/Guide/Introduction#What_is_JavaScript}},
    note = {Acesso em agosto de 2016}
}

@misc{micromodules,
    author = {Sindre Sorhus},
	title = {Micro-modules},
	year = {2015},
	month = {7},
    howpublished = {\url{https://github.com/sindresorhus/ama/issues/10#issuecomment-117766328}},
    note = {Acesso em agosto de 2016}
}
